<record><leader>00000cas a22000007a 4500</leader><controlfield tag="001">17965664</controlfield><controlfield tag="008">880517c196u9999txuwr ne      0    0eng d</controlfield><datafield ind1=" " ind2=" " tag="010"><subfield code="a">sn 88083517 </subfield></datafield><datafield ind1=" " ind2=" " tag="040"><subfield code="a">PPM</subfield><subfield code="b">eng</subfield><subfield code="c">PPM</subfield><subfield code="d">OCLCQ</subfield></datafield><datafield ind1=" " ind2=" " tag="042"><subfield code="a">msc</subfield></datafield><datafield ind1="0" ind2=" " tag="130"><subfield code="a">Elgin courier (Elgin, Tex. : 1967)</subfield></datafield><datafield ind1="1" ind2="0" tag="245"><subfield code="a">Elgin courier.</subfield></datafield><datafield ind1=" " ind2=" " tag="260"><subfield code="a">Elgin, Tex. :</subfield><subfield code="b">Bob Barton, Jr.</subfield></datafield><datafield ind1=" " ind2=" " tag="310"><subfield code="a">Weekly</subfield></datafield><datafield ind1=" " ind2=" " tag="588"><subfield code="a">Description based on: Vol. 78, no. 52 (Jan. 4, 1967).</subfield></datafield><datafield ind1=" " ind2=" " tag="752"><subfield code="a">United States</subfield><subfield code="b">Texas</subfield><subfield code="c">Bastrop</subfield><subfield code="d">Elgin.</subfield></datafield><datafield ind1="0" ind2="0" tag="780"><subfield code="t">Elgin courier and four county news</subfield><subfield code="w">(DLC)sn 88083517</subfield></datafield></record>